@book{hebert-2009,
  author = "A. Hebert",
  title = "Applied Reactor Physics",
  publisher = "Presses Internationales Polytechnique",
  address = "Montreal, Canada",
  year = 2009
}

@Article{kaps-1979,
author = {Peter Kaps and Peter Rentrop},
title = {Generalized Runge-Kutta Methods of Order Four with Stepsize Control for Stiff Ordinary Differential Equations},
journal = {Numer. Math.},
year = {1979},
OPTvolume = {33},
OPTpages = {55--68}
}

@Article{kaps-1981,
author = {P. Kaps and G. Wanner},
title = {A Study of Rosenbrock-Type Methods of High Order},
journal = {Numer. Math.},
year = {1981},
OPTvolume = {38},
OPTpages = {279--298}
}

@Article{shampine-1982,
author = {L. F. Shampine},
title = {Implementation of Rosenbrock Methods},
journal = {ACM Trans. on Math. Soft.},
year = {1982},
OPTvolume = {8},
OPTpages = {93--113}
}

@book{press-1986,
  author = "William H. Press and Saul A. Teukolsky and William T. Vetterling and Brian P. Flannery ",
  title = "Numerical Recipes: The Art of Scientific Computing",
  publisher = "Cambridge University Press",
  address = "Cambridge",
  year = 1986
}

@Article{sutton-1996,
author = {T. Sutton and B. Aviles},
title = {Diffusion Theory Methods for Spatial Kinetics Calculations},
journal = {Prog. Nucl. Energy},
year = {1996},
OPTvolume = {30},
OPTpages = {119--182}
}